@techreport{FIPS1802,
  author = {National Institute of Standards and Technology},
   title = {Secure Hash Standard (SHS)},
   institution = {U.S. Department of Commerce},
   address= {Washington, D.C.},
   number = {Federal Information Processing Standards Publications (FIPS PUBS) 180-2},
   year = {2002},
}